<?xml version="1.0" encoding="UTF-8"?><record xmlns="http://www.loc.gov/MARC21/slim" xmlns:cinclude="http://apache.org/cocoon/include/1.0" xmlns:zs="http://www.loc.gov/zing/srw/">
  <leader>00490nz  a2200133n  4500</leader>
  <controlfield tag="001">n 2004122250</controlfield>
  <controlfield tag="003">DLC</controlfield>
  <controlfield tag="005">20040805044102.0</controlfield>
  <controlfield tag="008">040805n| acannaabn          |n aaa      </controlfield>
  <datafield tag="010" ind1=" " ind2=" ">
    <subfield code="a">n 2004122250</subfield>
  </datafield>
  <datafield tag="035" ind1=" " ind2=" ">
    <subfield code="a">(DNLM)1273745</subfield>
  </datafield>
  <datafield tag="040" ind1=" " ind2=" ">
    <subfield code="a">DNLM</subfield>
    <subfield code="b">eng</subfield>
    <subfield code="c">DNLM</subfield>
  </datafield>
  <datafield tag="100" ind1="1" ind2=" ">
    <subfield code="a">Iwegbu, Godwin</subfield>
  </datafield>
  <datafield tag="670" ind1=" " ind2=" ">
    <subfield code="a">Iwegbu, Godwin. Principles and management of acute orthopaedic trauma, 2004:</subfield>
    <subfield code="b">t.p. (Godwin Iwegbu, MD, MChOrth, FRCS, FWACS, FICS; orthopaedic surgeon, King George Hosp., Ilford, England) pref. (C.G.I.)</subfield>
  </datafield>
</record>